@Preamble{ {
	\newcommand{\bibremark}[1]{\marginpar{\tiny\bf#1}}
	\newcommand{\biburl}[1]{\url{#1}}
} }

@standard{IEEE2012,
	abstract = {This revision specifies technical corrections and clarifications to IEEE Std 802.11 for wireless local area networks (WLANS) as well as enhancements to the existing medium access control (MAC) and physical layer (PHY) functions. It also incorporates Amendments 1 to 10 published in 2008 to 2011.},
	publisher = {IEEE},
	pages = {1--2793},
	title = {IEEE Standard for Information technology},
	number = {IEEE Std 802.11-2012 (Revision of IEEE Std 802.11-2007},
	year = {2012}
}

@standard{IEEE2011,
	abstract = {The protocol and compatible interconnection for data communication devices using low data-rate, low-power, and low-complexity short-range radio frequency (RF) transmissions in a wire less personal area network (WPAN) were defined in IEEE Std 802.15.4-2006. In this revision, the market applicability of IEEE Std 802.15.4 is extended, the ambiguities in the standard are removed, and the improvements learned from implementations of IEEE Std 802.15.4-2006 are included.},
	publisher = {IEEE},
	doi = {10.1109/IEEESTD.2011.6012487},
	isbn = {9780738166834},
	keywords = {Ad hoc networks,IEEE 802.15.4,IEEE Std 802.15.4-2006,IEEE standard,IEEE standards,LR-WPAN,Low power electronics,Mobile communication,PAN,Personal area networks,RF,RF transmission,WPAN,Wireless LAN networks,Zigbee,ad hoc network,data communication,data communication device,local area networks,low data rate,low data rate transmission,low power,low-power low-complexity short-range radiofrequenc,low-rate wireless personal area networks,metropolitan area networks,mobility,personal area network,protocol,protocols,radio frequency,short range,telecommunication standards,wireless,wireless personal area network},
	pages = {334},
	title = {IEEE Standard for Local and metropolitan area networks, Part 15.4: Low-Rate Wireless Personal Area Networks},
	number = {IEEE Std 802.15.4-2011},
	year = {2011}
}

@article{Reinhold:2013fk,
	Author = {Reinhold, Rafael and Kays, Rüdiger},
	Title = {{Improvement of IEEE 802.15.4a IR-UWB for Time-Critical Industrial Wireless Sensor Networks}},
	Journal = {2013 IFIP and IEEE Wireless Days, Valencia, Spain},
	Month =  {11},
	Year = {2013}
}

@book{Kammeyer,
	author = {Kammeyer, K. D.},
	title = {Nachrichtenübertragung, fourth {Edition}},
	publisher = {{Vieweg+Teubner}},
	year = {2008}
}

@Book{Moon,
	author = {Moon, T. K.},
	title = {Error Correction Coding},
	publisher = {John Wiley and Sons},
	year = {2005}
}